<marc:record xmlns:marc="http://www.loc.gov/MARC21/slim"><marc:leader>00620nam a22001570a 45 0</marc:leader><marc:controlfield tag="001">306882</marc:controlfield><marc:controlfield tag="003">NL-AMISG</marc:controlfield><marc:controlfield tag="005">20090506170203.0</marc:controlfield><marc:controlfield tag="008">200905suuuuuuuu||||||||||||||||||||||| d</marc:controlfield><marc:datafield ind1=" " ind2=" " tag="035"><marc:subfield code="a">(IISG)IISGb10048069</marc:subfield></marc:datafield><marc:datafield ind1=" " ind2=" " tag="040"><marc:subfield code="a">NL-AmISG</marc:subfield></marc:datafield><marc:datafield ind1="1" ind2=" " tag="100"><marc:subfield code="a">Baudeau, Nicolas.</marc:subfield></marc:datafield><marc:datafield ind1="1" ind2="0" tag="245"><marc:subfield code="a">Explication du tableau économique, à madame de ***.</marc:subfield></marc:datafield><marc:datafield ind1=" " ind2=" " tag="260"><marc:subfield code="a">Paris :</marc:subfield><marc:subfield code="b">Delalain,</marc:subfield><marc:subfield code="c">1776.</marc:subfield></marc:datafield><marc:datafield ind1=" " ind2=" " tag="300"><marc:subfield code="a">VI, 172 p.</marc:subfield></marc:datafield><marc:datafield ind1=" " ind2=" " tag="500"><marc:subfield code="a">Editions d'histoire sociale. Réimpressions rares, 1967.</marc:subfield></marc:datafield><marc:datafield ind1=" " ind2=" " tag="690"><marc:subfield code="a">F 934</marc:subfield><marc:subfield code="b">France; social history; 1450 - 1789; social ideas, movements; Physiocrats; various personalities</marc:subfield><marc:subfield code="c">Frankrijk; sociale geschiedenis; 1450 - 1789; sociale ideeën en bewegingen; Physiocraten; personen; anderen.</marc:subfield></marc:datafield><marc:datafield ind1=" " ind2=" " tag="852"><marc:subfield code="a">IISG</marc:subfield><marc:subfield code="b">IISG</marc:subfield><marc:subfield code="c">IISG</marc:subfield><marc:subfield code="j">F 934/20</marc:subfield><marc:subfield code="p">N10047578</marc:subfield></marc:datafield><marc:datafield ind1=" " ind2=" " tag="901"><marc:subfield code="a">306882</marc:subfield><marc:subfield code="b">Unknown</marc:subfield><marc:subfield code="c">306882</marc:subfield><marc:subfield code="t">biblio</marc:subfield></marc:datafield><marc:datafield ind1=" " ind2=" " tag="902"><marc:subfield code="a">10622/51802875-B266-44D1-AE2E-D09658BD38DC</marc:subfield></marc:datafield></marc:record>